<?xml version="1.0" encoding="UTF-8"?><record xmlns="http://www.loc.gov/MARC21/slim" xmlns:cinclude="http://apache.org/cocoon/include/1.0" xmlns:zs="http://www.loc.gov/zing/srw/">
  <leader>00866cz  a2200169n  4500</leader>
  <controlfield tag="001">n  50063627 </controlfield>
  <controlfield tag="003">DLC</controlfield>
  <controlfield tag="005">20120804075027.0</controlfield>
  <controlfield tag="008">801031n| aaannaabn          |b ana      </controlfield>
  <datafield tag="010" ind1=" " ind2=" ">
    <subfield code="a">n  50063627 </subfield>
  </datafield>
  <datafield tag="035" ind1=" " ind2=" ">
    <subfield code="a">(OCoLC)oca00097922</subfield>
  </datafield>
  <datafield tag="040" ind1=" " ind2=" ">
    <subfield code="a">DLC</subfield>
    <subfield code="b">eng</subfield>
    <subfield code="c">DLC</subfield>
    <subfield code="d">OCoLC</subfield>
    <subfield code="d">DLC</subfield>
  </datafield>
  <datafield tag="110" ind1="1" ind2=" ">
    <subfield code="a">Sierra Leone.</subfield>
    <subfield code="b">Wales Commission of Inquiry into the Conduct of the Immigration Quota Committee from 1st January, 1961, to 23rd March, 1967</subfield>
  </datafield>
  <datafield tag="410" ind1="1" ind2=" ">
    <subfield code="a">Sierra Leone.</subfield>
    <subfield code="b">Commission of Inquiry into the Conduct of the Immigration Quota Committee from 1st January, 1961, to 23rd March, 1967, Wales</subfield>
  </datafield>
  <datafield tag="410" ind1="1" ind2=" ">
    <subfield code="a">Sierra Leone.</subfield>
    <subfield code="b">Immigration Quota Committee from 1st January, 1961, to 23rd March, 1967, Wales Commission of Inquiry into the Conduct of the</subfield>
  </datafield>
  <datafield tag="667" ind1=" " ind2=" ">
    <subfield code="a">THIS 1XX FIELD CANNOT BE USED UNDER RDA UNTIL THIS RECORD HAS BEEN REVIEWED AND/OR UPDATED</subfield>
  </datafield>
  <datafield tag="670" ind1=" " ind2=" ">
    <subfield code="a">Its Report ... 1968?</subfield>
  </datafield>
</record>